@article{gartner_opendata,
  title={Gartner Glossary: Open Data},
  author={Gartner},
  year={2020},
  url = {https://www.gartner.com/en/information-technology/glossary/open-data}
}

@article{iquantny2020,
  title={How Software in Half of NYC Cabs Generates \$5.2 Million a Year in Extra Tips},
  author={Wellington, Ben},
  year={2020},
  url = {https://iquantny.tumblr.com/post/107245431809/programming-on-taxi-payment-systems-increases-tip}
}

@article{ctpayroll2019,
  title={See CT\'s Highest Paid State Employees},
  author={Rich Scinto},
  year={2019},
  url={https://patch.com/connecticut/hartford/see-cts-highest-paid-state-employees}
}

@article{acs2019,
  title={American Community Survey},
  author={Census},
  year={2019},
  url={https://www.census.gov/programs-surveys/acs}
}

@article{soundtransitdata,
  title={Sound Transit Developer Resources},
  author={Sound Transit},
  year={2021},
  url={https://www.soundtransit.org/help-contacts/business-information/open-transit-data-otd}
}

@article{blog5years,
  title={Mapping 5 years of Government Data},
  author={Brown, Alicia},
  year={2020},
  url = {https://msaliciabrown.com/2020/01/04/mapping-5-years-of-government-data/}
}


@article{datagov,
  title={How to get your Open Data on Data.gov},
  author={Federal Enterprise Data Resources},
  year={2021},
  url = {https://resources.data.gov/resources/data-gov-open-data-howto/}
}

@article{ndsc,
  title={Neighborhood Data for Social Change},
  author={USC Price Center for Social Innovation},
  year={2021},
  url = {http://la.myneighborhooddata.org/stories/}
}

@article{doi:10.1080/14659891.2020.1753833,
  author = { Stephanie   Soliz  and  Sean D.   Young },
  title = {Feasibility of a citizen\-driven hackathon to increase public engagement and solutions to address the opioid crisis},
  journal = {Journal of Substance Use},
  volume = {25},
  number = {6},
  pages = {615-620},
  year  = {2020},
  publisher = {Taylor & Francis},
  doi = {10.1080/14659891.2020.1753833},
  url = {https://doi.org/10.1080/14659891.2020.1753833}
}

